<?xml version="1.0" encoding="UTF-8"?><record xmlns="http://www.loc.gov/MARC21/slim" xmlns:cinclude="http://apache.org/cocoon/include/1.0" xmlns:zs="http://www.loc.gov/zing/srw/">
  <leader>00716nz  a2200193n  4500</leader>
  <controlfield tag="001">nb2015003039</controlfield>
  <controlfield tag="003">DLC</controlfield>
  <controlfield tag="005">20150212050907.0</controlfield>
  <controlfield tag="008">150211n| azannaabn          |a aaa      </controlfield>
  <datafield tag="010" ind1=" " ind2=" ">
    <subfield code="a">nb2015003039</subfield>
  </datafield>
  <datafield tag="035" ind1=" " ind2=" ">
    <subfield code="a">(Uk)009253995</subfield>
  </datafield>
  <datafield tag="040" ind1=" " ind2=" ">
    <subfield code="a">Uk</subfield>
    <subfield code="b">eng</subfield>
    <subfield code="e">rda</subfield>
    <subfield code="c">Uk</subfield>
  </datafield>
  <datafield tag="046" ind1=" " ind2=" ">
    <subfield code="f">19230101</subfield>
    <subfield code="g">20100515</subfield>
  </datafield>
  <datafield tag="100" ind1="1" ind2=" ">
    <subfield code="a">La Rocca, Federico,</subfield>
    <subfield code="d">1923-2010</subfield>
  </datafield>
  <datafield tag="370" ind1=" " ind2=" ">
    <subfield code="a">Sant'Arcangelo (Italy)</subfield>
    <subfield code="b">Buenos Aires (Argentina)</subfield>
    <subfield code="c">Italy</subfield>
    <subfield code="c">Argentina</subfield>
    <subfield code="2">naf</subfield>
  </datafield>
  <datafield tag="375" ind1=" " ind2=" ">
    <subfield code="a">male</subfield>
  </datafield>
  <datafield tag="377" ind1=" " ind2=" ">
    <subfield code="a">ita</subfield>
  </datafield>
  <datafield tag="400" ind1="1" ind2=" ">
    <subfield code="a">Rocca, Federico La,</subfield>
    <subfield code="d">1923-2010</subfield>
  </datafield>
  <datafield tag="670" ind1=" " ind2=" ">
    <subfield code="a">Le mie due bandiere : il viaggio di Federico La Rocca dall'Italia all'Argentina, c2014:</subfield>
    <subfield code="b">p. 149 (born on 1 Jan. 1923 in Sant'Arcangelo, in the province of Potenza, died on 15 May 2010 in Buenos Aires)</subfield>
  </datafield>
</record>